
@article{fukushima2010,
author={福嶋政期 and 橋本悠希 and 野澤孝司 and 梶本裕之},
title={笑い増幅器：笑い増幅効果の検証},
journal="ヒューマンインタフェース学会論文誌",
ISSN="13447262",
publisher="ヒュ-マンインタフェ-ス学会",
year="2010",
volume="12",
number="3",
pages="199-207",
URL="http://ci.nii.ac.jp/naid/10026578420/",
DOI="",
}


@article{chapman1973funniness,
  title={Funniness of jokes, canned laughter and recall performance},
  author={Chapman, Antony J},
  journal={Sociometry},
  pages={569--578},
  year={1973},
  publisher={JSTOR}
}

@BOOK{tanaka201007, 
title={デカルトの誤り 情動、理性、人間の脳 (ちくま学芸文庫)},
author={アントニオ・R・ダマシオ},
publisher={筑摩書房},
year={2010},
isbn={9784480093028},
url={http://amazon.co.jp/o/ASIN/4480093028/},
price={1,620},
totalpages={438},
timestamp={2014.07.17},
}

@book{de1990mechanism,
  title={The mechanism of human facial expression},
  author={de Boulogne, G-B Duchenne and Cuthbertson, R Andrew},
  year={1990},
  publisher={Cambridge university press}
}

@article{platow41n,
  title={“It's not funny if they're laughing”: Self-categorization, social influence, and responses to canned laughter},
  author={Platow, MJ and Haslam, SA and Both, A and Chew, I and Cuddon, M Goharpey},
  journal={Journal of Experimental Social Psychology},
  volume={41},
  number={5},
  year={2005.},
  pages={542-550}
}

@inproceedings{Yoshida2013,
 author = {Yoshida, Shigeo and Tanikawa, Tomohiro and Sakurai, Sho and Hirose, Michitaka and Narumi, Takuji},
 title = {Manipulation of an Emotional Experience by Real-time Deformed Facial Feedback},
 booktitle = {Proceedings of the 4th Augmented Human International Conference},
 series = {AH '13},
 year = {2013},
 isbn = {978-1-4503-1904-1},
 location = {Stuttgart, Germany},
 pages = {35--42},
 url = {http://doi.acm.org/10.1145/2459236.2459243}
} 

@article{provine1992contagious,
  title={Contagious laughter: Laughter is a sufficient stimulus for laughs and smiles},
  author={Provine, Robert R},
  journal={Bulletin of the Psychonomic Society},
  volume={30},
  number={1},
  pages={1--4},
  year={1992},
  publisher={Springer}
}

@InProceedings{shimamoto2013,
author="嶋本諒太, 宮下芳明",
title="笑いや拍手を誘発するプレゼンテーションシステム",
booktitle="インタラクション 2013",
publisher="情報処理学会",
year="2013",
DOI="",
}


@article{kleinke1998effects,
  title={Effects of self-generated facial expressions on mood.},
  author={Kleinke, Chris L and Peterson, Thomas R and Rutledge, Thomas R},
  journal={Journal of Personality and Social Psychology},
  volume={74},
  number={1},
  pages={272},
  year={1998},
  publisher={American Psychological Association}
}
@article{provine1996laughter,
  title={Laughter},
  author={Provine, Robert R},
  journal={American scientist},
  pages={38--45},
  year={1996},
  publisher={JSTOR}
}

@article{中村2010,
  title={自然な笑いと作り笑いにおける表出の時間差の分析},
  author={中村亨},
  journal={電子情報通信学会技術研究報告. HIP, ヒューマン情報処理},
  volume={100},
  number={34},
  pages={1--8},
  year={2000},
  publisher={一般社団法人電子情報通信学会}
}

@article{蔭山2005,
  title={自然な笑いと作り笑いにおける情動の伝染: facial EMG 及び内省報告による検討 (社会心理とコミュニケーション及び一般)},
  author={蔭山洋介, 新居康彦},
  journal={電子情報通信学会技術研究報告. HCS, ヒューマンコミュニケーション基礎},
  volume={105},
  number={306},
  pages={49--54},
  year={2005},
  publisher={一般社団法人電子情報通信学会}
}

@book{ekman2009telling,
  title={Telling Lies: Clues to Deceit in the Marketplace, Politics, and Marriage (Revised Edition)},
  author={Ekman, Paul},
  year={2009},
  publisher={WW Norton \& Company}
}

@article{surakka1998facial,
  title={Facial and emotional reactions to Duchenne and non-Duchenne smiles},
  author={Surakka, Veikko and Hietanen, Jari K},
  journal={International Journal of Psychophysiology},
  volume={29},
  number={1},
  pages={23--33},
  year={1998},
  publisher={Elsevier}
}


@Misc{kodomocamera,
author = {D2C},
title = {こどもカメラ},
note = "\url{http://www.d2c.co.jp/news/2012/20130118-1609.html}",
}

@Misc{waraibukurobabies,
author = {Fisher Price},
title = {わらいぶくろベイビーズ},
note = "\url{http://www.fisher-price.com/ja_JP/brands/babytoys/products/67469}",
}


@Misc{Rekognition,
author = {Orbeus},
title = {Rekognition API},
note = "\url{http://rekognition.com}",
}

@Misc{Orbeus,
author = {},
title = {Orbeus Inc.},
note = "\url{http://orbe.us/}",
}


@Misc{PowershotG1X,
title = {Powershot G1 X 付属ソフト ZoomBrowser EX 5.8},
note = "\url{http://www.canon.co.jp/imaging/software/zbex5-j/html/07_1.html}",
}



@Misc{AudioBlocks,
title = {AudioBlocks},
note = "\url{http://audioblocks.com}",
}

@Misc{ticklemeelmo,
title = {Time.com All-TIME 100 Greatest Toys: Tickle Me Elmo},
year = {2011},
note = "\url{http://content.time.com/time/specials/packages/article/0\,28804\,2049243\_2048661\_2049231\,00.html}",
}
